<?xml version="1.0" encoding="UTF-8"?><collection xmlns="http://www.loc.gov/MARC21/slim"><record><leader>00302nam--2200133-i-4500</leader><controlfield tag="001">000027349</controlfield><controlfield tag="002">20161230</controlfield><controlfield tag="005">20161230201036</controlfield><controlfield tag="008">060222s1000------------r-----000-0-eng-d</controlfield><datafield ind1=" " ind2=" " tag="080"><subfield code="a">621</subfield></datafield><datafield ind1=" " ind2=" " tag="100"><subfield code="a">Korecky, Ian</subfield></datafield><datafield ind1=" " ind2=" " tag="245"><subfield code="a">Calirea otelului</subfield></datafield><datafield ind1=" " ind2=" " tag="260"><subfield code="a">Bucuresti, Ed.Tehnica, 1951. 216p</subfield></datafield><datafield ind1=" " ind2=" " tag="852"><subfield code="a">1420</subfield></datafield></record></collection>